<collection xmlns="http://www.loc.gov/MARC21/slim">
<record>
  <leader>01746nam0a2200277 i 450 </leader>
  <controlfield tag="001">IT\ICCU\CNCE\065607</controlfield>
  <controlfield tag="005">20160427000000.0</controlfield>
  <datafield tag="012" ind1=" " ind2=" ">
    <subfield code="a">e.o- geno Rea. dedu (3) 1569 (A)</subfield>
    <subfield code="2">fei</subfield>
  </datafield>
  <datafield tag="100" ind1=" " ind2=" ">
    <subfield code="a">20060726d1569        0itac0103    ba</subfield>
  </datafield>
  <datafield tag="101" ind1=" " ind2=" ">
    <subfield code="a">ITA</subfield>
  </datafield>
  <datafield tag="102" ind1=" " ind2=" ">
    <subfield code="a">IT</subfield>
  </datafield>
  <datafield tag="200" ind1="1" ind2=" ">
    <subfield code="a">℗Le ℗cose marauigliose dell&apos;alma citta di Roma, doue si tratta delle chiese, stationi, indulgenze, &amp; reliquie de&apos; corpi santi, che sono in essa. Con la guida romana ch&apos;insegna facilmente a tutti i forastieri a ritrouare le pi ̮notabil cose di Roma. Et li nomi de i sommi pontefici, de gl&apos;imperatori, de i re di Francia, e di Napoli, de i dogi di Venetia, &amp; duchi di Milano. Con vn trattato d&apos;acquistar l&apos;indulgentie</subfield>
  </datafield>
  <datafield tag="210" ind1=" " ind2=" ">
    <subfield code="a">In Roma</subfield>
    <subfield code="c">appresso Bartholomeo Toso bresciano</subfield>
    <subfield code="d">1569</subfield>
    <subfield code="e">In Roma</subfield>
    <subfield code="g">appresso Bartholomeo Toso bresciano</subfield>
    <subfield code="h">1569</subfield>
  </datafield>
  <datafield tag="215" ind1=" " ind2=" ">
    <subfield code="a">41, \19! c.</subfield>
    <subfield code="d">8ʻ</subfield>
  </datafield>
  <datafield tag="300" ind1=" " ind2=" ">
    <subfield code="a">Var. B: In Roma : appresso Bartholomeo Toso bresciano, 1569 (In Roma : appresso Bartholomeo Toso bresciano, 1570)</subfield>
  </datafield>
  <datafield tag="500" ind1="1" ind2="1">
    <subfield code="3">IT\ICCU\CNCE\031012</subfield>
    <subfield code="a">Mirabilia Romae</subfield>
  </datafield>
  <datafield tag="620" ind1=" " ind2=" ">
    <subfield code="a">IT</subfield>
    <subfield code="d">Roma</subfield>
  </datafield>
  <datafield tag="712" ind1="0" ind2="0">
    <subfield code="a">Tosi, Bartolomeo</subfield>
    <subfield code="3">IT\ICCU\CNCT\001418</subfield>
    <subfield code="4">650</subfield>
  </datafield>
  <datafield tag="791" ind1="0" ind2="0">
    <subfield code="a">Toso, Bartolomeo</subfield>
    <subfield code="3">IT\ICCU\CNCT\004135</subfield>
    <subfield code="z">Tosi, Bartolomeo</subfield>
  </datafield>
  <datafield tag="791" ind1="0" ind2="0">
    <subfield code="a">Tosius, Bartholomaeus</subfield>
    <subfield code="3">IT\ICCU\CNCT\005595</subfield>
    <subfield code="z">Tosi, Bartolomeo</subfield>
  </datafield>
  <datafield tag="801" ind1=" " ind2="3">
    <subfield code="a">IT</subfield>
    <subfield code="b">ICCU</subfield>
    <subfield code="c">20201115</subfield>
  </datafield>
  <datafield tag="899" ind1=" " ind2=" ">
    <subfield code="a">Biblioteca nazionale centrale. Firenze</subfield>
    <subfield code="z">MUTILO</subfield>
    <subfield code="1">FI0098</subfield>
    <subfield code="2">CFI CF</subfield>
  </datafield>
  <datafield tag="899" ind1=" " ind2=" ">
    <subfield code="a">Biblioteca nazionale Braidense. Milano</subfield>
    <subfield code="z">(Var. B)</subfield>
    <subfield code="1">MI0185</subfield>
    <subfield code="2">MIL NB</subfield>
  </datafield>
  <datafield tag="899" ind1=" " ind2=" ">
    <subfield code="a">Biblioteca Bartoliniana. Udine</subfield>
    <subfield code="1">UD0243</subfield>
    <subfield code="2">ZUD 12</subfield>
  </datafield>
  <datafield tag="911" ind1=" " ind2=" ">
    <subfield code="a">Sul front.</subfield>
    <subfield code="9">IT\ICCU\CNCM\002289</subfield>
  </datafield>
  <datafield tag="921" ind1=" " ind2=" ">
    <subfield code="a">IT\ICCU\CNCM\002289</subfield>
    <subfield code="b">Stella cometa, su sfondo di nuvole, lascia cadere scintille su due tronchi da cui partono due rami, uno di palma e uno di olivo.</subfield>
    <subfield code="c">U820</subfield>
    <subfield code="f">STELLA</subfield>
    <subfield code="f">COMETA</subfield>
    <subfield code="f">PALMA</subfield>
    <subfield code="g">1569-1570</subfield>
  </datafield>
</record>
</collection>
